<?xml version="1.0" encoding="UTF-8"?><record xmlns="http://www.loc.gov/MARC21/slim" xmlns:cinclude="http://apache.org/cocoon/include/1.0" xmlns:zs="http://www.loc.gov/zing/srw/">
  <leader>00347nz  a2200121n  4500</leader>
  <controlfield tag="001">n  90699481 </controlfield>
  <controlfield tag="003">DLC</controlfield>
  <controlfield tag="005">19901001110407.2</controlfield>
  <controlfield tag="008">901001n| acannaab|          |n aad |||  </controlfield>
  <datafield tag="010" ind1=" " ind2=" ">
    <subfield code="a">n  90699481 </subfield>
  </datafield>
  <datafield tag="040" ind1=" " ind2=" ">
    <subfield code="a">DLC</subfield>
    <subfield code="c">DLC</subfield>
  </datafield>
  <datafield tag="100" ind1="1" ind2="0">
    <subfield code="a">Eger, Helmut</subfield>
  </datafield>
  <datafield tag="670" ind1=" " ind2=" ">
    <subfield code="a">nuc90-61109: His Runoff agriculture, 1986</subfield>
    <subfield code="b">(hdg. on CaQMM rept.: Eger, Helmut; usage: Helmut Eger)</subfield>
  </datafield>
</record>